%% This BibTeX bibliography file was created using BibDesk.
%% http://bibdesk.sourceforge.net/


%% Created for Lauro Cesar Araujo at 2013-04-05 08:03:49 -0300 


%% Saved with string encoding Unicode (UTF-8) 



@book{knuth,
  title={The texbook},
  author={Knuth, D.E. and Bibby, D. and Makai, I.},
  volume={1993},
  year={1986},
  publisher={Addison-Wesley}
}
@misc{lamport,
  title={Document Preparation System},
  author={Lamport, L. and LaTEX, A.},
  year={1994},
  publisher={Addison-Wesley}
}